<?xml version="1.0"?>
<collection xmlns="http://www.loc.gov/MARC21/slim">
  <record>
    <leader>01645nam a2200349 a 4500</leader>
    <controlfield tag="001">cihm_29191</controlfield>
    <controlfield tag="003">CaSfIA</controlfield>
    <controlfield tag="005">20160212080655.0</controlfield>
    <controlfield tag="007">cr||||||||||||</controlfield>
    <controlfield tag="008">831208s1850    mauab   b     000 0 eng d</controlfield>
    <datafield tag="020" ind1=" " ind2=" ">
      <subfield code="a">0665291914</subfield>
    </datafield>
    <datafield tag="035" ind1=" " ind2=" ">
      <subfield code="a">ocn317910358</subfield>
    </datafield>
    <datafield tag="040" ind1=" " ind2=" ">
      <subfield code="a">CaOOCIHM</subfield>
      <subfield code="b">eng</subfield>
      <subfield code="d">AEU</subfield>
      <subfield code="d">CaSfIA</subfield>
    </datafield>
    <datafield tag="043" ind1=" " ind2=" ">
      <subfield code="a">n-cn-on</subfield>
      <subfield code="a">n-us---</subfield>
    </datafield>
    <datafield tag="082" ind1="0" ind2=" ">
      <subfield code="a">574.971312</subfield>
      <subfield code="2">19</subfield>
    </datafield>
    <datafield tag="090" ind1=" " ind2=" ">
      <subfield code="a">FC 02 0203 no. 29191</subfield>
      <subfield code="b">AEU</subfield>
    </datafield>
    <datafield tag="100" ind1="1" ind2=" ">
      <subfield code="a">Agassiz, Louis,</subfield>
      <subfield code="d">1807-1873</subfield>
    </datafield>
    <datafield tag="245" ind1="1" ind2="0">
      <subfield code="a">Lake Superior</subfield>
      <subfield code="h">[electronic resource] </subfield>
      <subfield code="b">its physical character, vegetation and animals, compared with those of other and similar regions /</subfield>
      <subfield code="c">by Louis Agassiz ; with a narrative of the tour by J. Elliot Cabot, and contributions by other scientific gentlemen.</subfield>
    </datafield>
    <datafield tag="260" ind1=" " ind2=" ">
      <subfield code="a">Boston :</subfield>
      <subfield code="b">Gould, Kendall and Lincoln,</subfield>
      <subfield code="c">1850.</subfield>
    </datafield>
    <datafield tag="300" ind1=" " ind2=" ">
      <subfield code="a">6 microfiches (268 fr.) :</subfield>
      <subfield code="b">ill., map.</subfield>
    </datafield>
    <datafield tag="490" ind1="1" ind2=" ">
      <subfield code="a">CIHM/ICMH Microfiche series = CIHM/ICMH collection de microfiches ;</subfield>
      <subfield code="v">no. 29191</subfield>
    </datafield>
    <datafield tag="533" ind1=" " ind2=" ">
      <subfield code="a">Filmed from a copy of the original publication held by the Library of the Public Archives of Canada.</subfield>
      <subfield code="b">Ottawa :</subfield>
      <subfield code="c">Canadian Institute for Historical Microreproductions,</subfield>
      <subfield code="d">1982.</subfield>
    </datafield>
    <datafield tag="534" ind1=" " ind2=" ">
      <subfield code="e">428 p., 15 leaves of plates, [4], iv, 12 p. : ill., map ; 24 cm.</subfield>
    </datafield>
    <datafield tag="596" ind1=" " ind2=" ">
      <subfield code="a">43</subfield>
    </datafield>
    <datafield tag="650" ind1=" " ind2="0">
      <subfield code="a">Natural history</subfield>
      <subfield code="z">Superior, Lake, Region.</subfield>
    </datafield>
    <datafield tag="650" ind1=" " ind2="6">
      <subfield code="a">Sciences naturelles</subfield>
      <subfield code="z">Sup&#xC3;&#xA9;rieur, R&#xC3;&#xA9;gion du </subfield>
    </datafield>
    <!-- No separator at end of field length=53 -->
    <datafield tag="651" ind1="a" ind2="c">
  </datafield>
    <!-- Separator but not at end of field length=52 -->
    <datafield tag="651" ind1="e" ind2="l">
  </datafield>
    <!-- Separator but not at end of field length=57 -->
    <datafield tag="700" ind1="o" ind2="y">
      <subfield code="g">es.</subfield>
    </datafield>
    <!-- Separator but not at end of field length=37 -->
    <datafield tag="830" ind1="1" ind2="-">
      <subfield code="9">03.</subfield>
    </datafield>
    <!-- Separator but not at end of field length=45 -->
    <datafield tag="856" ind1="4" ind2="1">
      <subfield code="u">http://archive.org/details/cihm_29191</subfield>
      <subfield code="z">Free eBook from the Internet Archive</subfield>
    </datafield>
    <!-- Separator but not at end of field length=22 -->
    <datafield tag="016" ind1="I" ind2="H">
      <subfield code="M">PRE</subfield>
    </datafield>
    <!-- Separator but not at end of field length=15 -->
    <!-- Separator but not at end of field length=58 -->
  </record>
</collection>
